% This file was created with Citavi 6.3.0.0

@proceedings{.1113200711162007,
 year = {11/13/2007 - 11/16/2007},
 title = {10.1109/ISMAR.2007.4538852},
 publisher = {IEEE},
 isbn = {978-1-4244-1749-0}
}


@article{ORBSLAM,
 author = {Mur-Artal, Raul and Montiel, J. M. M. and Tardos, Juan D.},
 year = {2015},
 title = {ORB-SLAM: A Versatile and Accurate Monocular SLAM System},
 pages = {1147--1163},
 volume = {31},
 number = {5},
 issn = {1552-3098},
 journal = {IEEE Transactions on Robotics},
}


@inproceedings{PTAM,
 author = {Klein, Georg and Murray, David},
 title = {Parallel Tracking and Mapping for Small AR Workspaces},
 pages = {1--10},
 publisher = {IEEE},
 isbn = {978-1-4244-1749-0},
 booktitle = {10.1109/ISMAR.2007.4538852},
 year = {11/13/2007 - 11/16/2007},
}


@inproceedings{1,
  title={Bundle Adjustment - A Modern Synthesis},
  author={Bill Triggs and Philip F. McLauchlan and Richard I. Hartley and Andrew W. Fitzgibbon},
  booktitle={Workshop on Vision Algorithms},
  year={1999}
}


@book{2,
author = {Hartley, Richard and Zisserman, Andrew},
title = {Multiple View Geometry in Computer Vision},
year = {2003},
isbn = {0521540518},
publisher = {Cambridge University Press},
address = {USA},
edition = {2}
}
  

@article{13,
author = {Williams, Brian and Cummins, Mark and Neira, Jos\'{e} and Newman, Paul and Reid, Ian and Tard\'{o}s, Juan},
title = {A Comparison of Loop Closing Techniques in Monocular SLAM},
year = {2009},
issue_date = {December, 2009},
publisher = {North-Holland Publishing Co.},
address = {NLD},
volume = {57},
number = {12},
journal = {Robot. Auton. Syst.},
month = dec,
pages = {1188–1197},
numpages = {10},
}
  

@inproceedings{14,
author = {Nister, David and Stewenius, Henrik},
title = {Scalable Recognition with a Vocabulary Tree},
year = {2006},
isbn = {0769525970},
publisher = {IEEE Computer Society},
address = {USA},
booktitle = {Proceedings of the 2006 IEEE Computer Society Conference on Computer Vision and Pattern Recognition - Volume 2},
pages = {2161–2168},
numpages = {8},
series = {CVPR ’06}
}
  

@INPROCEEDINGS{7,
  author={H. {Strasdat} and A. J. {Davison} and J. M. M. {Montiel} and K. {Konolige}},
  booktitle={2011 International Conference on Computer Vision}, 
  title={Double window optimisation for constant time visual SLAM}, 
  year={2011},
  volume={},
  number={},
  pages={2352-2359},}


@INPROCEEDINGS{6,
    author = {Hauke Strasdat and J. M. M. Montiel and Andrew J. Davison},
    title = {Scale drift-aware large scale monocular slam},
    booktitle = {In Proceedings of Robotics: Science and Systems},
    year = {2010}
}


@article{ORBextract,
  title={An Improved ORB Algorithm of Extracting and Matching Features},
  author={Yu Lei and Zhixin Yu and Yan Gong},
  journal={International Journal of Signal Processing, Image Processing and Pattern Recognition},
  year={2015},
  volume={8},
  pages={117-126}
}


@article{23,
author = {Faugeras, Olivier and Lustman, F.},
year = {1988},
month = {09},
pages = {},
title = {Motion and Structure from Motion in a Piecewise Planar Environment},
volume = {02},
journal = {International Journal of Pattern Recognition and Artificial Intelligence - IJPRAI},
}


@INPROCEEDINGS{24,
  author={ {Wei Tan} and  {Haomin Liu} and Z. {Dong} and G. {Zhang} and H. {Bao}},
  booktitle={2013 IEEE International Symposium on Mixed and Augmented Reality (ISMAR)}, 
  title={Robust monocular SLAM in dynamic environments}, 
  year={2013},
  volume={},
  number={},
  pages={209-218},}


@ARTICLE{42,
    author = {Berthold K. P. Horn},
    title = {Closed-form solution of absolute orientation using unit quaternions},
    journal = {Journal of the Optical Society of America A},
    year = {1987},
    volume = {4},
    pages = {629--642}
}


@article{39,
author = {Smith, Mike and Baldwin, Ian and Churchill, Winston and Paul, Rohan and Newman, Paul},
title = {The New College Vision and Laser Data Set},
year = {2009},
issue_date = {May 2009},
publisher = {Sage Publications, Inc.},
address = {USA},
volume = {28},
}


@INPROCEEDINGS{38,
  author={J. {Sturm} and N. {Engelhard} and F. {Endres} and W. {Burgard} and D. {Cremers}},
  booktitle={2012 IEEE/RSJ International Conference on Intelligent Robots and Systems}, 
  title={A benchmark for the evaluation of RGB-D SLAM systems}, 
  year={2012},
  volume={},
  number={},
  pages={573-580},}


@article{40,
author = {Geiger, A and Lenz, P and Stiller, C and Urtasun, R},
title = {Vision Meets Robotics: The KITTI Dataset},
year = {2013},
issue_date = {September 2013},
publisher = {Sage Publications, Inc.},
address = {USA},
volume = {32},
}


@inproceedings{LSD,
author = {Engel, Jakob and Schoeps, Thomas and Cremers, Daniel},
year = {2014},
month = {09},
pages = {1-16},
title = {LSD-SLAM: large-scale direct monocular SLAM},
volume = {8690},
journal = {Eur. Conf. Comput. Vis.},
}


@article{ORB2,
  title={{ORB-SLAM2}: an Open-Source {SLAM} System for Monocular, Stereo and {RGB-D} Cameras},
  author={Mur-Artal, Ra\'ul and Tard\'os, Juan D.},
  journal={IEEE Transactions on Robotics},
  volume={33},
  number={5},
  pages={1255--1262},
  year={2017}
 }


@ARTICLE{Semantic,
  author={L. {Zhang} and L. {Wei} and P. {Shen} and W. {Wei} and G. {Zhu} and J. {Song}},
  journal={IEEE Access}, 
  title={Semantic SLAM Based on Object Detection and Improved Octomap}, 
  year={2018},
  volume={6},
  number={},
  pages={75545-75559},}